@misc{repo,
  year = {2021},
  title = {GitHub repository},
  url = {https://github.com/tema3210/webddlog_study}
}

@miscl{ddlog,
  author = {Oracle inc. and community},
  year = {2021},
  title = {GitHub repository},
  url = {https://github.com/vmware/differential-datalog}
}

@misc{souffle,
  year = {2016},
  title = {Офіційний веб-сайт},
  url = {https://souffle-lang.github.io/docs.html}
}

@misc{flix,
  author = {M. Madsen},
  year = {2022},
  title = {An Introduction to the Flix Programming Language},
  url = {https://flix.dev/talks/dahl-nygaard.pdf}
}

@misc{waterfall,
  title = {Опис моделі waterfall},
  year = {2019},
  url = {https://encyclopedia.thefreedictionary.com/waterfall+model}
}